# $Id: references.bib 1789 2010-09-28 16:30:23Z jabriffa $

# This file contains bibliography entries in BibTeX format. Examples are
# provided of the more common entry types.

@BOOK{lesk,
   AUTHOR = "Lesk, Arthur M.",
   TITLE= "Introduction to Bioinformatics",
   PUBLISHER = "Oxford University Press", 
   YEAR = 2019,
   EDITION = "Fith"
}
@incollection{Boyle,
  doi = {10.1016/b978-0-08-100736-5.00003-x},
  url = {https://doi.org/10.1016/b978-0-08-100736-5.00003-x},
  year = {2018},
  publisher = {Elsevier},
  pages = {51--86},
  author = {Aimee L. Boyle},
  title = {Applications of de novo designed peptides},
  booktitle = {Peptide Applications in Biomedicine,  Biotechnology and Bioengineering}
}

@article{Yang,
  doi = {10.1080/07391102.2012.748536},
  url = {https://doi.org/10.1080/07391102.2012.748536},
  year = {2013},
  month = sep,
  publisher = {Informa {UK} Limited},
  volume = {31},
  number = {9},
  pages = {982--992},
  author = {Li-Quan Yang and Xing-Lai Ji and Shu-Qun Liu},
  title = {The free energy landscape of protein folding and dynamics: a global view},
  journal = {Journal of Biomolecular Structure and Dynamics}
}

@article{Anfinsen,
  doi = {10.1042/bj1280737},
  url = {https://doi.org/10.1042/bj1280737},
  year = {1972},
  month = jul,
  publisher = {Portland Press Ltd.},
  volume = {128},
  number = {4},
  pages = {737--749},
  author = {C B Anfinsen},
  title = {The formation and stabilization of protein structure},
  journal = {Biochemical Journal}
}

@Book{jaffe,
 author = {Jaffe, Robert},
 title = {The physics of energy},
 publisher = {Cambridge University Press},
 year = {2018},
 address = {Cambridge, United Kingdom New York, NY},
 isbn = {978-1107016651}
 }

 @article{Yue,
  doi = {10.1103/physreve.48.2267},
  url = {https://doi.org/10.1103/physreve.48.2267},
  year = {1993},
  month = sep,
  publisher = {American Physical Society ({APS})},
  volume = {48},
  number = {3},
  pages = {2267--2278},
  author = {Kaizhi Yue and Ken A. Dill},
  title = {Sequence-structure relationships in proteins and copolymers},
  journal = {Physical Review E}
}

@article{Malhotra,
  doi = {10.1002/pro.3015},
  url = {https://doi.org/10.1002/pro.3015},
  year = {2016},
  month = sep,
  publisher = {Wiley},
  volume = {25},
  number = {11},
  pages = {1924--1941},
  author = {Pooja Malhotra and Jayant B. Udgaonkar},
  title = {How cooperative are protein folding and unfolding transitions?},
  journal = {Protein Science}
}

 @incollection{Ngo,
  doi = {10.1007/978-1-4684-6831-1_14},
  url = {https://doi.org/10.1007/978-1-4684-6831-1_14},
  year = {1994},
  publisher = {Birkh\"{a}user Boston},
  pages = {433--506},
  author = {J. Thomas Ngo and Joe Marks and Martin Karplus},
  title = {Computational Complexity,  Protein Structure Prediction,  and the Levinthal Paradox},
  booktitle = {The Protein Folding Problem and Tertiary Structure Prediction}
}

@article{Chayen,
  doi = {10.1016/j.pbiomolbio.2004.07.007},
  url = {https://doi.org/10.1016/j.pbiomolbio.2004.07.007},
  year = {2005},
  month = jul,
  publisher = {Elsevier {BV}},
  volume = {88},
  number = {3},
  pages = {329--337},
  author = {N Chayen},
  title = {Methods for separating nucleation and growth in protein crystallisation},
  journal = {Progress in Biophysics and Molecular Biology}
}


@Book{alberts,
 author = {Alberts, Bruce},
 title = {Molecular biology of the cell},
 publisher = {Garland Science},
 year = {2002},
 address = {New York},
 isbn = {0-8153-3218-1}
 }